@techreport{boxell2017internet,
  title={Is the internet causing political polarization? Evidence from demographics},
  author={Boxell, Levi and Gentzkow, Matthew and Shapiro, Jesse M},
  year={2017},
  institution={National Bureau of Economic Research}
}
@misc{anes1948cumulative,
 author = {{American National Election Study}},
 year = {2016},
 title = {The ANES 1948-2012 time series cumulative data file},
 url = {http://www.electionstudies.org/studypages/anes_timeseries_cdf/anes_timeseries_cdf.htm},
}
@misc{anes2012time,
 author = {{American National Election Study}},
 year = {2015},
 title = {The ANES 2012 time series study},
 url = {http://www.electionstudies.org/studypages/anes_timeseries_2012/anes_timeseries_2012.htm},
}
@misc{anes2008time,
 author = {{American National Election Study}},
 year = {2015},
 title = {The ANES 2008 time series study},
 url = {http://www.electionstudies.org/studypages/anes_timeseries_2008/anes_timeseries_2008.htm},
}
@misc{pew2005,
 author = {{Pew Research Center}},
 year = {2005},
 title = {The Pew Research Center's Inter Project},
 url = {http://www.pewinternet.org/datasets/},
}
@article{iyengar2012affect,
  title={Affect, not ideology a social identity perspective on polarization},
  author={Iyengar, Shanto and Sood, Gaurav and Lelkes, Yphtach},
  journal={Public opinion quarterly},
  volume={76},
  number={3},
  pages={405--431},
  year={2012},
  publisher={AAPOR}
}
@article{gentzkow2016polarization,
  title={Polarization in 2016},
  author={Gentzkow, Matthew},
  journal={Toulouse Network of Information Technology white paper},
  year={2016}
}
@article{mason2015disrespectfully,
  title={“I disrespectfully agree”: The differential effects of partisan sorting on social and issue polarization},
  author={Mason, Lilliana},
  journal={American Journal of Political Science},
  volume={59},
  number={1},
  pages={128--145},
  year={2015},
  publisher={Wiley Online Library}
}
@article{davis2016party,
  title={Party polarization, media choice, and mass partisan-ideological sorting},
  author={Davis, Nicholas T and Dunaway, Johanna L},
  journal={Public Opinion Quarterly},
  pages={nfw002},
  year={2016},
  publisher={AAPOR}
}
@inproceedings{hetherington2001resurgent,
  title={Resurgent mass partisanship: The role of elite polarization},
  author={Hetherington, Marc J},
  booktitle={American Political Science Association},
  volume={95},
  number={03},
  pages={619--631},
  year={2001},
  organization={Cambridge Univ Press}
}
@article{abramowitz2008polarization,
  title={Is polarization a myth?},
  author={Abramowitz, Alan I and Saunders, Kyle L},
  journal={The Journal of Politics},
  volume={70},
  number={2},
  pages={542--555},
  year={2008},
  publisher={Cambridge University Press New York, USA}
}